@article{dunn1997james,
  title={James Lind (1716-94) of Edinburgh and the treatment of scurvy},
  author={Dunn, Peter M},
  journal={Archives of Disease in Childhood-Fetal and Neonatal Edition},
  volume={76},
  number={1},
  pages={F64--F65},
  year={1997},
  publisher={BMJ Publishing Group}
}

@article{meldrum2000brief,
  title={A brief history of the randomized controlled trial: From oranges and lemons to the gold standard},
  author={Meldrum, Marcia L},
  journal={Hematology/oncology clinics of North America},
  volume={14},
  number={4},
  pages={745--760},
  year={2000},
  publisher={Elsevier}
}

@incollection{fisher1992arrangement,
  title={The arrangement of field experiments},
  author={Fisher, Ronald A},
  booktitle={Breakthroughs in statistics: Methodology and distribution},
  pages={82--91},
  year={1992},
  publisher={Springer}
}

@article{kohavi2020online,
  title={Online randomized controlled experiments at scale: lessons and extensions to medicine},
  author={Kohavi, Ron and Tang, Diane and Xu, Ya and Hemkens, Lars G and Ioannidis, John PA},
  journal={Trials},
  volume={21},
  pages={1--9},
  year={2020},
  publisher={Springer}
}

@article{moher2010consort,
  title={CONSORT 2010 explanation and elaboration: updated guidelines for reporting parallel group randomised trials},
  author={Moher, David and Hopewell, Sally and Schulz, Kenneth F and Montori, Victor and G{\o}tzsche, Peter C and Devereaux, Philip J and Elbourne, Diana and Egger, Matthias and Altman, Douglas G},
  journal={Bmj},
  volume={340},
  year={2010},
  publisher={British Medical Journal Publishing Group}
}

@article{kohavi2020online,
  title={Online randomized controlled experiments at scale: lessons and extensions to medicine},
  author={Kohavi, Ron and Tang, Diane and Xu, Ya and Hemkens, Lars G and Ioannidis, John PA},
  journal={Trials},
  volume={21},
  pages={1--9},
  year={2020},
  publisher={Springer}
}

@article{rubin1980randomization,
  title={Randomization analysis of experimental data: The Fisher randomization test comment},
  author={Rubin, Donald B},
  journal={Journal of the American statistical association},
  volume={75},
  number={371},
  pages={591--593},
  year={1980},
  publisher={JSTOR}
}

@article{kempthorne1955randomization,
  title={The randomization theory of experimental inference},
  author={Kempthorne, Oscar},
  journal={Journal of the American Statistical Association},
  volume={50},
  number={271},
  pages={946--967},
  year={1955},
  publisher={Taylor \& Francis}
}

@article{moulton2004covariate,
  title={Covariate-based constrained randomization of group-randomized trials},
  author={Moulton, Lawrence H},
  journal={Clinical trials},
  volume={1},
  number={3},
  pages={297--305},
  year={2004},
  publisher={Sage Publications Sage CA: Thousand Oaks, CA}
}


@article{doi:10.1080/01621459.1986.10478354,
author = {Paul W. Holland},
title = {Statistics and Causal Inference},
journal = {Journal of the American Statistical Association},
volume = {81},
number = {396},
pages = {945--960},
year = {1986},
publisher = {Taylor \& Francis},
doi = {10.1080/01621459.1986.10478354}
}

@article{erdos1959central,
  title={On the central limit theorem for samples from a finite population},
  author={Erdos, Paul},
  journal={Publications of the Mathematical Institute of the Hungarian Academy of Sciences},
  volume={4},
  pages={49--61},
  year={1959}
}

@article{mardia1979multivariate,
  title={Multivariate analysis academic press inc},
  author={Mardia, KV and Kent, JT and Bibby, JM},
  journal={London) Ltd},
  volume={15},
  pages={518},
  year={1979}
}

@book{van2000asymptotic,
  title={Asymptotic statistics},
  author={Van der Vaart, Aad W},
  volume={3},
  pages={7},
  year={2000},
  publisher={Cambridge university press}
}



@article{Yang1999,
  author    = {杨瑞林 and 李力军 and 李玉成},
  title     = {新型低合金高强韧性耐磨钢的研究},
  journal = {钢铁},
  year      = {1999},
  number  = {7},
  pages     = {41--45}
}
@article{beller2002randomisation,
  title={Randomisation in clinical trials},
  author={Beller, Elaine M and Gebski, Val and Keech, Anthony C},
  journal={Medical Journal of Australia},
  volume={177},
  number={10},
  pages={565--567},
  year={2002},
  publisher={AUSTRALASIAN MEDICAL PUBLISHING COMPANY LTD}
}

@misc{johnstone2009statistical,
  title={Statistical challenges of high-dimensional data},
  author={Johnstone, Iain M and Titterington, D Michael},
  journal={Philosophical Transactions of the Royal Society A: Mathematical, Physical and Engineering Sciences},
  volume={367},
  number={1906},
  pages={4237--4253},
  year={2009},
  publisher={The Royal Society Publishing}
}

@article{morgan2012rerandomization,
  title={Rerandomization to improve covariate balance in experiments},
  author={Morgan, Kari Lock and Rubin, Donald B},
  year={2012}
}

@article{Yu2012,
  author  = {于潇 and 刘义 and 柴跃廷 and others},
  title   = {互联网药品可信交易环境中主体资质审核备案模式},
  journal = {清华大学学报(自然科学版)},
  year    = {2012},
  volume  = {52},
  number  = {11},
  pages   = {1518--1523}
}

@article{Schinstock2000,
  author  = {Schinstock, D. E. and Cuttino, J. F.},
  title   = {Real time kinematic solutions of a non-contacting, three dimensional metrology frame},
  journal = {Precision Engineering},
  year    = {2000},
  volume  = {24},
  number  = {1},
  pages   = {70--76}
}

@misc{AAtest,
author = "Yu Guo",
title = "When Randomization Is Not Enough: Improving Sample Balance in Online A/B Tests",
howpublished = "Website",
year = {2015},
note = {\url{https://medium.com/thumbtack-engineering/when-randomization-is-not-enough-improving-sample-balance-in-online-a-b-tests-118c8370a220}}
}


@article{burger2020importance,
  title={Importance of block randomization when designing proteomics experiments},
  author={Burger, Bram and Vaudel, Marc and Barsnes, Harald},
  journal={Journal of proteome research},
  volume={20},
  number={1},
  pages={122--128},
  year={2020},
  publisher={ACS Publications}
}

@article{mcentegart2014block,
  title={Block randomization},
  author={McEntegart, Damian},
  journal={Methods and Applications of Statistics in Clinical Trials: Concepts, Principles, Trials, and Design},
  pages={125--138},
  year={2014},
  publisher={Wiley Online Library}
}

@article{suresh2011overview,
  title={An overview of randomization techniques: an unbiased assessment of outcome in clinical research},
  author={Suresh, KP},
  journal={Journal of human reproductive sciences},
  volume={4},
  number={1},
  pages={8--11},
  year={2011},
  publisher={Medknow}
}

@article{kernan1999stratified,
  title={Stratified randomization for clinical trials},
  author={Kernan, Walter N and Viscoli, Catherine M and Makuch, Robert W and Brass, Lawrence M and Horwitz, Ralph I},
  journal={Journal of clinical epidemiology},
  volume={52},
  number={1},
  pages={19--26},
  year={1999},
  publisher={Elsevier}
}